<?xml version="1.0" encoding="UTF-8"?><collection xmlns="http://www.loc.gov/MARC21/slim"><record><leader>00471nam--2200157-i-4500</leader><controlfield tag="001">000012154</controlfield><controlfield tag="002">20161230</controlfield><controlfield tag="005">20170222151204</controlfield><controlfield tag="008">060222s1000------------r-----000-0-eng-d</controlfield><datafield ind1=" " ind2=" " tag="100"><subfield code="a">Dahl, Jens Peder</subfield></datafield><datafield ind1=" " ind2=" " tag="245"><subfield code="a">The spinning electron</subfield></datafield><datafield ind1=" " ind2=" " tag="260"><subfield code="a">Kobenhavn</subfield><subfield code="b">Det Kongellige Danske Videnskabernes</subfield><subfield code="c">1977</subfield></datafield><datafield ind1=" " ind2=" " tag="300"><subfield code="a">33 p</subfield></datafield><datafield ind1=" " ind2=" " tag="490"><subfield code="a">Det Kongelige Danske Videnskabernes Selskab Matematisk-fysiske Meddelelser</subfield></datafield><datafield ind1=" " ind2=" " tag="852"><subfield code="a">530.145(047.3)</subfield></datafield><datafield ind1=" " ind2=" " tag="CAT"><subfield code="a">SYS</subfield><subfield code="c">20170222</subfield><subfield code="h">151204</subfield></datafield></record></collection>